<?xml version="1.0" encoding="UTF-8"?><record xmlns="http://www.loc.gov/MARC21/slim" xmlns:cinclude="http://apache.org/cocoon/include/1.0" xmlns:zs="http://www.loc.gov/zing/srw/">
  <leader>00460nz  a2200145n  4500</leader>
  <controlfield tag="001">no2003011015</controlfield>
  <controlfield tag="003">DLC</controlfield>
  <controlfield tag="005">20030205052943.0</controlfield>
  <controlfield tag="008">030204n| acannaabn          |a aaa      </controlfield>
  <datafield tag="010" ind1=" " ind2=" ">
    <subfield code="a">no2003011015</subfield>
  </datafield>
  <datafield tag="035" ind1=" " ind2=" ">
    <subfield code="a">(OCoLC)oca05965447</subfield>
  </datafield>
  <datafield tag="040" ind1=" " ind2=" ">
    <subfield code="a">DLC-OP</subfield>
    <subfield code="b">eng</subfield>
    <subfield code="c">DLC-OP</subfield>
  </datafield>
  <datafield tag="100" ind1="1" ind2=" ">
    <subfield code="a">Nadvī, Faz̤l-i Rabbī</subfield>
  </datafield>
  <datafield tag="400" ind1="0" ind2=" ">
    <subfield code="a">Faz̤l-i Rabbī Nadvī</subfield>
  </datafield>
  <datafield tag="670" ind1=" " ind2=" ">
    <subfield code="a">Mufakkir-i Islām Maulānā Sayyid Abulḥasan ʻAlī Nadvī ke ... 2001:</subfield>
    <subfield code="b">t.p. (Faz̤l-i Rabbī Nadvī)</subfield>
  </datafield>
</record>